@book{sauer2013numerical,
  title={Numerical Analysis},
  author={Sauer, T.},
  isbn={9781292023588},
  series={Pearson custom library},
  url={https://books.google.co.id/books?id=NTxungEACAAJ},
  year={2013},
  publisher={Pearson}
}

@misc{khko,
  author = {{K. H. Ko, T. Sakkalis, N. M. Patrikalakis}},
  title = {{Nonlinear Polynomial Systems: Multiple Roots and their Multiplicities}},
  howpublished = "\url{http://deslab.mit.edu/DesignLab/new_deslab/pubs/smi04.pdf}",
  year = {2004}, 
  note = "[Daring; Diakses pada 10 Mei 2021]"
}

@misc{newaar,
  author = {Aaron Burton},
  title = {{Newton's Method and Fractals}},
  howpublished = "\url{https://www.whitman.edu/documents/Academics/Mathematics/burton.pdf}",
  year = {2019}, 
  note = "[Daring; Diakses pada 16 Mei 2021]"
}

@misc{jef1,
  author = {Jeffrey Chasnov},
  title = {{Order of Convergence}},
  howpublished = "\url{https://www.youtube.com/watch?v=dHQVQG8NqR8}",
  year = {2021}, 
  note = "[Daring; Diakses pada 16 Mei 2021]"
}

@misc{jef2,
  author = {Jeffrey Chasnov},
  title = {{Convergence of Newton's Method}},
  howpublished = "\url{https://www.youtube.com/watch?v=IPP1p0NKdeo}",
  year = {2021}, 
  note = "[Daring; Diakses pada 16 Mei 2021]"
}


@misc{osc1,
  author = {Oscar Veliz},
  title = {{What is Order of Convergence?}},
  howpublished = "\url{https://www.youtube.com/watch?v=JTinepDn1dI}",
  year = {2020}, 
  note = "[Daring; Diakses pada 16 Mei 2021]"
}

@misc{osc2,
  author = {Oscar Veliz},
  title = {{Steffensen's Method with Aitken's $\Delta^2$}},
  howpublished = "\url{https://www.youtube.com/watch?v=BTYTj0r5PZE}",
  year = {2018}, 
  note = "[Daring; Diakses pada 23 Mei 2021]"
}

@misc{cmu1,
  author = {{Wen-Sheng Chu, Shu-Hao Yu}},
  title = {{Newton Method}},
  howpublished = "\url{stat.cmu.edu/~ryantibs/convexopt-F13/scribes/lec9.pdf}",
  year = {2013}, 
  note = "[Daring; Diakses pada 16 Mei 2021]"
}

@misc{was1,
  author = {James V. Burke},
  title = {{Rates of Convergence and Newton's Method}},
  howpublished = "\url{https://sites.math.washington.edu/~burke/crs/408/lectures/L10-Rates-of-conv-Newton.pdf}",
  year = {2020}, 
  note = "[Daring; Diakses pada 16 Mei 2021]"
}



@misc{arb1,
  author = {Peter Arbenz},
  title = {{The QR Algorithm}},
  howpublished = "\url{https://people.inf.ethz.ch/arbenz/ewp/Lnotes/chapter4.pdf}",
  year = {2018}, 
  note = "[Daring; Diakses pada 23 Mei 2021]"
}

@misc{bru1,
  author = {Marcus A. Brubaker},
  title = {{Lagrange Multipliers}},
  howpublished = "\url{http://www.cs.toronto.edu/~mbrubake/teaching/C11/Handouts/LagrangeMultipliers.pdf}",
  year = {2015}, 
  note = "[Daring; Diakses pada 26 Mei 2021]"
}

@misc{adr1,
  author = {Adrian Lam},
  title = {{BFGS in a Nutshell: An Introduction to Quasi-Newton Methods}},
  howpublished = "\url{https://towardsdatascience.com/bfgs-in-a-nutshell-an-introduction-to-quasi-newton-methods-21b0e13ee504}",
  year = {2020}, 
  note = "[Daring; Diakses pada 26 Mei 2021]"
}
